@article{Yagi2013,
author = {YAGI, KENT},
title = {SCIENTIFIC POTENTIAL OF DECIGO PATHFINDER AND TESTING GR WITH SPACE-BORNE GRAVITATIONAL WAVE INTERFEROMETERS},
journal = {International Journal of Modern Physics D},
volume = {22},
number = {01},
pages = {1341013},
year = {2013},
doi = {10.1142/S0218271813410137},
}

